%@misc{Graphite_Web,
%    author = "Chris Davis",
%    title = "Graphite Web Documentation",
%    year = "2008-2012",
%    howpublished = {\url{https://graphite.readthedocs.io/en/latest/}},
%    note = "[Online; acedido a 17-Janeiro-2019]"
%}